@inproceedings{ieee-iot,
  author={N. M. {Karie} and N. M. {Sahri} and P. {Haskell-Dowland}},
  booktitle={2020 Workshop on Emerging Technologies for Security in IoT (ETSecIoT)}, 
  title={IoT Threat Detection Advances, Challenges and Future Directions}, 
  year={2020},
  volume={},
  number={},
  pages={22-29},
  doi={10.1109/ETSecIoT50046.2020.00009}}